% Encoding: UTF-8

@Book{Marion1989,
  title     = {Dinámica clásica},
  publisher = {Everté},
  year      = {1989},
  author    = {Marión},
}

@Book{Laguna2010,
  title     = {Métodos experimentales de la relatividad especial},
  publisher = {Mmmicro},
  year      = {1969},
  author    = {Francisco Miguel Merino Laguna},
}

@Book{Paterna1971,
  title     = {Radiacción electromagnética},
  publisher = {Mmmicro},
  year      = {1971},
  author    = {Inmaculada Rojas Paterna},
}

@Comment{jabref-meta: databaseType:bibtex;}
